@book{maggi,
    title = {Sets of Finite Perimeter and Geometric Variational Problems},
    author = {Francesco Maggi},
    isbn = {9781107021037},
    series = {Cambridge Studies in Advanced Mathematics},
    year = {2012},
    publisher = {Cambridge University Press},
    keywords = {geometric measure}
}

@book{evans_gariepy,
    title = {Measure Theory and Fine Properties of Functions},
    author = {Lawrence C. Evans, Ronald F. Gariepy},
    isbn = {9781107021037},
    series = {Textbooks in Mathematics},
    year = {2015},
    publisher = {CRC Press},
    keywords = {measure theory}
}
